<record><leader>00000cas a22000007a 4500</leader><controlfield tag="001">13202361</controlfield><controlfield tag="008">860226d182u1832pauwr ne      0    0eng d</controlfield><datafield ind1=" " ind2=" " tag="010"><subfield code="a">sn 86081139 </subfield></datafield><datafield ind1=" " ind2=" " tag="040"><subfield code="a">NPH</subfield><subfield code="b">eng</subfield><subfield code="c">NPH</subfield><subfield code="d">CNK</subfield><subfield code="d">KRTAS</subfield><subfield code="d">OCLCQ</subfield></datafield><datafield ind1=" " ind2=" " tag="042"><subfield code="a">msc</subfield></datafield><datafield ind1="0" ind2=" " tag="130"><subfield code="a">Phenix (Wellsboro, Pa.)</subfield></datafield><datafield ind1="1" ind2="4" tag="245"><subfield code="a">The phenix.</subfield></datafield><datafield ind1=" " ind2=" " tag="260"><subfield code="a">Wellsborough, Pa. :</subfield><subfield code="b">Benjamin B. Smith</subfield></datafield><datafield ind1=" " ind2=" " tag="300"><subfield code="a">v. ;</subfield><subfield code="c">54 cm.</subfield></datafield><datafield ind1=" " ind2=" " tag="310"><subfield code="a">Weekly</subfield></datafield><datafield ind1="1" ind2=" " tag="362"><subfield code="a">Ceased in 1832?</subfield><subfield code="z">Cf. Rossell, G. Pa. newspapers.</subfield></datafield><datafield ind1=" " ind2=" " tag="500"><subfield code="a">Published on Saturday of each week.</subfield></datafield><datafield ind1=" " ind2=" " tag="515"><subfield code="a">Jan. 8, 1831 issue misdated Jan. 7, 1831.</subfield></datafield><datafield ind1=" " ind2=" " tag="588"><subfield code="a">Description based on: Vol. 2, no. 5 (Sept. 20, 1828).</subfield></datafield><datafield ind1=" " ind2=" " tag="752"><subfield code="a">United States</subfield><subfield code="b">Pennsylvania</subfield><subfield code="c">Tioga</subfield><subfield code="d">Wellsboro.</subfield></datafield><datafield ind1="0" ind2="0" tag="780"><subfield code="t">Phoenix (Wellsboro, Pa.)</subfield><subfield code="w">(DLC)sn 87079940</subfield><subfield code="w">(OCoLC)14284256</subfield></datafield><datafield ind1="0" ind2="0" tag="785"><subfield code="t">Tioga County phenix</subfield><subfield code="w">(DLC)sn 86081140</subfield></datafield><datafield ind1=" " ind2=" " tag="938"><subfield code="a">Kirtas Technologies, Inc.</subfield><subfield code="b">KRTS</subfield><subfield code="n">739550</subfield></datafield></record>